@book{wittenberg2001invasive,
  title={Invasive alien species: a toolkit of best prevention and management practices},
  author={Wittenberg, R{\"u}diger and Cock, Matthew JW},
  year={2001},
  publisher={CABI}
}