@incollection{StandardMethods2012,
  title={Standard Methods for examination of water and wastewater},
  year={2012},
  publisher={American Public Health Association, American Water Works Association, Water Environment Federation},
  editor={E.W. Rice, R.B. Baird, A.D. Eaton, L.S. Clesceri},
}