% This file was created with JabRef 2.10.
% Encoding: Cp1252


@Article{standard2007d422,
  Title                    = {D422--63 (2007) Standard test method for particle-size analysis of soils},
  Author                   = {{ASTM Standard}},
  Journal                  = {ASTM International, 100 Barr Harbor Drive, PO Box C700, West Conshohocken, PA 19428-2959, United States.},
  Year                     = {2007},
  Pages                    = {1520},
  Volume                   = {10},

  Owner                    = {MLH},
  Timestamp                = {2016.05.23}
}

@Article{beretta2014soil,
  Title                    = {Soil texture analyses using a hydrometer: modification of the Bouyoucos method},
  Author                   = {Beretta, Andr{\'e}s N and Silbermann, Ana V and Paladino, Leonardo and Torres, Deborah and Bassahun, Daniel and Musselli, Raquel and Garc{\'\i}a-Lamohte, Adriana},
  Journal                  = {Ciencia e Investigaci{\'o}n Agraria},
  Year                     = {2014},
  Number                   = {2},
  Pages                    = {263--271},
  Volume                   = {41},

  __markedentry            = {[Marc:1]},
  Owner                    = {MLH},
  Timestamp                = {2016.05.26}
}

@Book{hillel1998environmental,
  Title                    = {Environmental soil physics: Fundamentals, applications, and environmental considerations},
  Author                   = {Hillel, Daniel},
  Publisher                = {Academic press},
  Year                     = {1998},

  Owner                    = {MLH},
  Timestamp                = {2016.05.23}
}

@comment{jabref-meta: pdfDirectory:C:\\workspace\\CA_Limnology\\pdf;}

